@article{MARKOWITZ52,
	author = {Markowitz, Harry},
	title = {PORTFOLIO SELECTION},
	journal = {The Journal of Finance},
	volume = {7},
	number = {1},
	pages = {77-91},
	doi = {10.1111/j.1540-6261.1952.tb01525.x},
	url = {https://onlinelibrary.wiley.com/doi/abs/10.1111/j.1540-6261.1952.tb01525.x},
	eprint = {https://onlinelibrary.wiley.com/doi/pdf/10.1111/j.1540-6261.1952.tb01525.x}
}
