@misc{RefWork:1,
	title = {Elliptic Curves: Number Theory and Cryptography},
	howpublished = {Chapman and Hall/CRC; 2nd edition},
	year = {2008},
	author = {Lawrence C. Washington}
}

@misc{RefWork:5,
	title = {Schnorr's BIP},
	howpublished = {\url{https://github.com/sipa/bips/blob/bip-schnorr/bip-schnorr.mediawiki}},
	author = {Pieter Wuille}
}

@misc{RefWork:11,
	title = {Simple Schnorr Multi-Signatures
	with Applications to Bitcoin},
	howpublished = {\url{https://eprint.iacr.org/2018/068.pdf}},
	year = {2018},
	author = {Gregory Maxwell and Andrew Poelstra and Yannick Seurin and Pieter Wuille}
}

@misc{RefWork:13,
	title = {Non-Interactive and Information-Theoretic Secure Verifiable Secret Sharing},
	howpublished = {\url{https://link.springer.com/content/pdf/10.1007/3-540-46766-1_9.pdf}},
	year = {1992},
	author = {Torben Pryds Pedersen}
}

@misc{RefWork:14,
	title = {Provably Secure Distributed Schnorr Signatures and a (t, n) Threshold Scheme for Implicit Certificates},
	howpublished = {\url{cacr.uwaterloo.ca/techreports/2001/corr2001-13.ps}},
	year = {2001},
	author = {D. R. Stinson and R. Strobl}
}

@misc{BTC,
	title = {Bitcoin: A Peer-to-Peer Electronic Cash System},
	howpublished = {\url{https://bitcoin.org/bitcoin.pdf}},
	year = {2008},
	author = {Satoshi Nakamoto}
}